%%%%%%%%%%%%%%%%%%%%%%%%%%%
%%%%%%%%BIBLIOGRAFÍA%%%%%%%%%
%%%%%%%%%%%%%%%%%%%%%%%%%%%


%%%%%%%%%%%%%%%%%%
%%%%% PABLO %%%%%%
%%%%%%%%%%%%%%%%%


@article{Probing,
      title          = "{Probing the $Wtb$ vertex structure in $t$-channel
                        single-top-quark production and decay in $pp$ collisions
                        at $\sqrt{\mathrm{s}}=8$ TeV with the ATLAS detector}",
      collaboration  = "ATLAS",
      journal        = "JHEP",
      volume         = "04",
      year           = "2017",
      pages          = "124",
      doi            = "10.1007/JHEP04(2017)124",
      eprint         = "1702.08309",
      archivePrefix  = "arXiv",
      primaryClass   = "hep-ex",
      reportNumber   = "CERN-EP-2017-011",
      SLACcitation   = "%%CITATION = ARXIV:1702.08309;%%"
}



@article{AguilarSaavedra:2010nx,
      author         = "Aguilar-Saavedra, J. A. and Bernabeu, J.",
      title          = "{W polarisation beyond helicity fractions in top quark
                        decays}",
      journal        = "Nucl. Phys.",
      volume         = "B840",
      year           = "2010",
      pages          = "349-378",
      doi            = "10.1016/j.nuclphysb.2010.07.012",
      eprint         = "1005.5382",
      archivePrefix  = "arXiv",
      primaryClass   = "hep-ph",
      SLACcitation   = "%%CITATION = ARXIV:1005.5382;%%"
}

@article{Aguilar-Saavedra:2014eqa,
      author         = "Aguilar-Saavedra, J. A. and Amor Dos Santos, S.",
      title          = "{New directions for top quark polarization in the
                        $t$-channel process}",
      journal        = "Phys. Rev.",
      volume         = "D89",
      year           = "2014",
      pages          = "114009",
      doi            = "10.1103/PhysRevD.89.114009",
      eprint         = "1404.1585",
      archivePrefix  = "arXiv",
      primaryClass   = "hep-ph",
      reportNumber   = "CERN-PH-TH-2014-086",
      SLACcitation   = "%%CITATION = ARXIV:1404.1585;%%"
}

@article{Mahlon:1999gz,
      author         = "Mahlon, Gregory and Parke, Stephen J.",
      title          = "{Single top quark production at the LHC: Understanding
                        spin}",
      journal        = "Phys. Lett.",
      volume         = "B476",
      year           = "2000",
      pages          = "323-330",
      doi            = "10.1016/S0370-2693(00)00149-0",
      eprint         = "hep-ph/9912458",
      archivePrefix  = "arXiv",
      reportNumber   = "FERMILAB-PUB-99-361-T, MCGILL-99-39, SLAC-PUB-8317",
      SLACcitation   = "%%CITATION = HEP-PH/9912458;%%"
}

@article{Khachatryan:2015hba,
      title          = "{Measurement of the top quark mass using proton-proton
                        data at ${\sqrt{s}}$ = 7 and 8 TeV}",
      collaboration  = "CMS",
      journal        = "Phys. Rev.",
      volume         = "D93",
      year           = "2016",
      pages          = "072004",
      doi            = "10.1103/PhysRevD.93.072004",
      eprint         = "1509.04044",
      archivePrefix  = "arXiv",
      primaryClass   = "hep-ex",
      reportNumber   = "CMS-TOP-14-022, CERN-PH-EP-2015-234",
      SLACcitation   = "%%CITATION = ARXIV:1509.04044;%%"
}

@inproceedings{Cioara:2017flk,
      author         = "Cioară, Irina",
      title          = "{Recent measurements of associated single top-quark
                        production cross-section with the ATLAS detector}",
      booktitle      = "{Proceedings, 9th International Workshop on Top Quark
                        Physics (TOP 2016): Olomouc, Czech Republic, September
                        19-23, 2016}",
      url            = "https://inspirehep.net/record/1512424/files/arXiv:1702.01912.pdf",
      year           = "2017",
      eprint         = "1702.01912",
      archivePrefix  = "arXiv",
      primaryClass   = "hep-ex",
      SLACcitation   = "%%CITATION = ARXIV:1702.01912;%%"
}



%@ARTICLE{1973PThPh49652K,
%   author = {{Kobayashi}, M. and {Maskawa}, T.},
%    title = "{CP-Violation in the Renormalizable Theory of Weak Interaction}",
%  journal = {Progress of Theoretical Physics},
%     year = 1973,
%    month = feb,
%   volume = 49,
%    pages = {652-657},
%      doi = {10.1143/PTP.49.652},
%   adsurl = {http://adsabs.harvard.edu/abs/1973PThPh..49..652K},
%  adsnote = {Provided by the SAO/NASA Astrophysics Data System}
%}

@article{Aad:2015zhl,
      author         = "{ATLAS and CMS Collaborations}",
      title          = "{Combined Measurement of the Higgs Boson Mass in $pp$
                        Collisions at $\sqrt{s}=7$ and 8 TeV with the ATLAS and
                        CMS Experiments}",
      booktitle      = "{Proceedings, Meeting of the APS Division of Particles
                        and Fields (DPF 2015): Ann Arbor, Michigan, USA, 4-8 Aug
                        2015}",
      journal        = "Phys. Rev. Lett.",
      volume         = "114",
      year           = "2015",
      pages          = "191803",
      doi            = "10.1103/PhysRevLett.114.191803",
      eprint         = "1503.07589",
      archivePrefix  = "arXiv",
      primaryClass   = "hep-ex",
      reportNumber   = "ATLAS-HIGG-2014-14, CMS-HIG-14-042, CERN-PH-EP-2015-075",
      SLACcitation   = "%%CITATION = ARXIV:1503.07589;%%"
}


@article{Kidonakis:2015nna,
      author         = "Kidonakis, Nikolaos",
      title          = "{Theoretical results for electroweak-boson and single-top
                        production}",
      booktitle      = "{Proceedings, 23rd International Workshop on
                        Deep-Inelastic Scattering and Related Subjects (DIS 2015):
                        Dallas, Texas, USA, April 27-May 01, 2015}",
      journal        = "PoS",
      volume         = "DIS2015",
      year           = "2015",
      pages          = "170",
      eprint         = "1506.04072",
      archivePrefix  = "arXiv",
      primaryClass   = "hep-ph",
      SLACcitation   = "%%CITATION = ARXIV:1506.04072;%%"
}

@article{Aad:2012ky,
      title          = "{Measurement of the W boson polarization in top quark
                        decays with the ATLAS detector}",
      collaboration  = "ATLAS",
      journal        = "JHEP",
      volume         = "06",
      year           = "2012",
      pages          = "088",
      doi            = "10.1007/JHEP06(2012)088",
      eprint         = "1205.2484",
      archivePrefix  = "arXiv",
      primaryClass   = "hep-ex",
      reportNumber   = "CERN-PH-EP-2012-112",
      SLACcitation   = "%%CITATION = ARXIV:1205.2484;%%"
}



@article{Fanti:1999nm,
      title          = "{A New measurement of direct CP violation in two pion
                        decays of the neutral kaon}",
      collaboration  = "NA48",
      journal        = "Phys. Lett.",
      volume         = "B465",
      year           = "1999",
      pages          = "335-348",
      doi            = "10.1016/S0370-2693(99)01030-8",
      eprint         = "hep-ex/9909022",
      archivePrefix  = "arXiv",
      primaryClass   = "hep-ex",
      reportNumber   = "CERN-EP-99-114",
      SLACcitation   = "%%CITATION = HEP-EX/9909022;%%"
}

@article{Carmi:2012in,
      author         = "Carmi, Dean and Falkowski, Adam and Kuflik, Eric and
                        Volansky, Tomer and Zupan, Jure",
      title          = "{Higgs After the Discovery: A Status Report}",
      journal        = "JHEP",
      volume         = "10",
      year           = "2012",
      pages          = "196",
      doi            = "10.1007/JHEP10(2012)196",
      eprint         = "1207.1718",
      archivePrefix  = "arXiv",
      primaryClass   = "hep-ph",
      reportNumber   = "LPT-ORSAY-12-77",
      SLACcitation   = "%%CITATION = ARXIV:1207.1718;%%"
}

@article{PhysRevLett.74.2626,
  title = {Observation of Top Quark Production in $\overline{\mathit{p}}\mathit{p}$ Collisions with the Collider Detector at Fermilab},
  collaboration  = "D0",
  journal = {Phys. Rev. Lett.},
  volume = {74},
  issue = {14},
  pages = {2626--2631},
  numpages = {0},
  year = {1995},
  month = {Apr},
  publisher = {American Physical Society},
  doi = {10.1103/PhysRevLett.74.2626},
  % url = {https://link.aps.org/doi/10.1103/PhysRevLett.74.2626}
}

@article{PhysRevLett.74.2422,
  title = {Search for High Mass Top Quark Production in $\mathit{p}\overline{p}$ Collisions at $\sqrt{\mathit{s}}\phantom{\rule{0ex}{0ex}}=\phantom{\rule{0ex}{0ex}}$ 1.8 TeV},
  collaboration  = "D0",
  journal = {Phys. Rev. Lett.},
  volume = {74},
  issue = {13},
  pages = {2422--2426},
  numpages = {0},
  year = {1995},
  month = {Mar},
  publisher = {American Physical Society},
  doi = {10.1103/PhysRevLett.74.2422},
  url = {https://link.aps.org/doi/10.1103/PhysRevLett.74.2422}
}

@article{Evans:2008zzb,
      author         = "Evans, Lyndon and Bryant, Philip",
      title          = "{LHC Machine}",
      journal        = "JINST",
      volume         = "3",
      year           = "2008",
      pages          = "S08001",
      doi            = "10.1088/1748-0221/3/08/S08001",
      SLACcitation   = "%%CITATION = JINST,3,S08001;%%"
}


@article{muller2012first,
      author         = "Muller, Berndt and Schukraft, Jurgen and Wyslouch,
                        Boleslaw",
      title          = "{First Results from Pb+Pb collisions at the LHC}",
      journal        = "Ann. Rev. Nucl. Part. Sci.",
      volume         = "62",
      year           = "2012",
      pages          = "361-386",
      doi            = "10.1146/annurev-nucl-102711-094910",
      eprint         = "1202.3233",
      archivePrefix  = "arXiv",
      primaryClass   = "hep-ex",
      reportNumber   = "CERN-OPEN-2012-005",
      SLACcitation   = "%%CITATION = ARXIV:1202.3233;%%"
}

@article{Chatrchyan:2008aa,
      title          = "{The CMS Experiment at the CERN LHC}",
      collaboration  = "CMS",
      journal        = "JINST",
      volume         = "3",
      year           = "2008",
      pages          = "S08004",
      doi            = "10.1088/1748-0221/3/08/S08004",
      SLACcitation   = "%%CITATION = JINST,3,S08004;%%"
}

@article{aamodt2008alice,
      title          = "{The ALICE experiment at the CERN LHC}",
      collaboration  = "ALICE",
      journal        = "JINST",
      volume         = "3",
      year           = "2008",
      pages          = "S08002",
      doi            = "10.1088/1748-0221/3/08/S08002",
      SLACcitation   = "%%CITATION = JINST,3,S08002;%%"
}



@article{alves2008lhcb,
      title          = "{The LHCb Detector at the LHC}",
      collaboration  = "LHCb",
      journal        = "JINST",
      volume         = "3",
      year           = "2008",
      pages          = "S08005",
      doi            = "10.1088/1748-0221/3/08/S08005",
      SLACcitation   = "%%CITATION = JINST,3,S08005;%%"
}

@article{adriani2008lhcf,
      title          = "{The LHCf detector at the CERN Large Hadron Collider}",
      collaboration  = "LHCf",
      journal        = "JINST",
      volume         = "3",
      year           = "2008",
      pages          = "S08006",
      doi            = "10.1088/1748-0221/3/08/S08006",
      SLACcitation   = "%%CITATION = JINST,3,S08006;%%"
}


@article{anelli2008totem,
      title          = "{The TOTEM experiment at the CERN Large Hadron Collider}",
      collaboration  = "TOTEM",
      journal        = "JINST",
      volume         = "3",
      year           = "2008",
      pages          = "S08007",
      doi            = "10.1088/1748-0221/3/08/S08007",
      SLACcitation   = "%%CITATION = JINST,3,S08007;%%"
}

@techreport{pinfold2009technical,
      title          = "{Technical design report of the MoEDAL experiment}",
      collaboration  = "MoEDAL",
      year           = "2009",
      howpublished   = "CERN-LHCC-2009-006, MoEDAL-TDR-001",
      url            = "https://cds.cern.ch/record/1181486",
      SLACcitation   = "%%CITATION = CERN-LHCC-2009-006;%%"
}

@techreport{ATLAS:1999uwa,
      title          = "{ATLAS: Detector and physics performance technical design
                        report. Volume 1}",
      collaboration  = "ATLAS",
      year           = "1999",
      reportNumber   = "CERN-LHCC-99-14, ATLAS-TDR-14",
      url            = "https://cds.cern.ch/record/391176",
      SLACcitation   = "%%CITATION = CERN-LHCC-99-14;%%"
}



@article{Astigarraga:2015caa,
      author         = "Pozo Astigarraga, M. E.",
      title          = "{Evolution of the ATLAS Trigger and Data Acquisition
                        System}",
      booktitle      = "{Proceedings, 16th International workshop on Advanced
                        Computing and Analysis Techniques in physics (ACAT 14):
                        Prague, Czech Republic, September 1-5, 2014}",
      journal        = "J. Phys. Conf. Ser.",
      volume         = "608",
      year           = "2015",
      pages          = "012006",
      doi            = "10.1088/1742-6596/608/1/012006",
      SLACcitation   = "%%CITATION = 00462,608,012006;%%"
}

@inproceedings{Komm:2014fca,
      author         = "Komm, Matthias",
      title          = "{Measurement of Top-Quark Polarization in t-channel
                        Single-Top Production}",
      booktitle      = "{Proceedings, 7th International Workshop on Top Quark
                        Physics (TOP2014): Cannes, France, September 28-October 3,
                        2014}",
      url            = "https://inspirehep.net/record/1331777/files/arXiv:1412.0106.pdf",
      year           = "2014",
      eprint         = "1412.0106",
      archivePrefix  = "arXiv",
      primaryClass   = "hep-ex",
      reportNumber   = "CMS-CR-2014-430",
      SLACcitation   = "%%CITATION = ARXIV:1412.0106;%%"
}

@techreport{CMS:2013rfa,
      title          = "{Measurement of top quark polarization in t-channel
                        single-top production}",
      collaboration  = "CMS",
      year           = "2013",
      number   = "CMS-PAS-TOP-13-001",
      url           = "https://cds.cern.ch/record/1601800",
      SLACcitation   = "%%CITATION = CMS-PAS-TOP-13-001;%%"
}

@article{Bernreuther:2008ju,
      author         = "Bernreuther, Werner",
      title          = "{Top quark physics at the LHC}",
      journal        = "J. Phys.",
      volume         = "G35",
      year           = "2008",
      pages          = "083001",
      doi            = "10.1088/0954-3899/35/8/083001",
      eprint         = "0805.1333",
      archivePrefix  = "arXiv",
      primaryClass   = "hep-ph",
      reportNumber   = "PITHA-08-09",
      SLACcitation   = "%%CITATION = ARXIV:0805.1333;%%"
}



@article{Han:2008xb,
      author         = "Han, Tao",
      title          = "{The 'Top Priority' at the LHC}",
      journal        = "Int. J. Mod. Phys.",
      volume         = "A23",
      year           = "2008",
      pages          = "4107-4124",
      doi            = "10.1142/S0217751X08042705",
      eprint         = "0804.3178",
      archivePrefix  = "arXiv",
      primaryClass   = "hep-ph",
      reportNumber   = "MADPH-08-1509, NSF-KITP-08-55",
      SLACcitation   = "%%CITATION = ARXIV:0804.3178;%%"
}

@article{AguilarSaavedra:2008gt,
      author         = "Aguilar-Saavedra, J. A.",
      title          = "{Single top quark production at LHC with anomalous Wtb
                        couplings}",
      journal        = "Nucl. Phys.",
      volume         = "B804",
      year           = "2008",
      pages          = "160-192",
      doi            = "10.1016/j.nuclphysb.2008.06.013",
      eprint         = "0803.3810",
      archivePrefix  = "arXiv",
      primaryClass   = "hep-ph",
      SLACcitation   = "%%CITATION = ARXIV:0803.3810;%%"
}

@article{Nadolsky:2008zw,
      author         = "Nadolsky, Pavel M. and Lai, Hung-Liang and Cao, Qing-Hong
                        and Huston, Joey and Pumplin, Jon and Stump, Daniel and
                        Tung, Wu-Ki and Yuan, C. -P.",
      title          = "{Implications of CTEQ global analysis for collider
                        observables}",
      journal        = "Phys. Rev.",
      volume         = "D78",
      year           = "2008",
      pages          = "013004",
      doi            = "10.1103/PhysRevD.78.013004",
      eprint         = "0802.0007",
      archivePrefix  = "arXiv",
      primaryClass   = "hep-ph",
      reportNumber   = "MSUHEP-080125, UCRHEP-T447",
      SLACcitation   = "%%CITATION = ARXIV:0802.0007;%%"
}


@article{Schwienhorst:2010je,
      author         = "Schwienhorst, Reinhard and Yuan, C. -P. and Mueller,
                        Charles and Cao, Qing-Hong",
      title          = "{Single top quark production and decay in the $t$-channel
                        at next-to-leading order at the LHC}",
      journal        = "Phys. Rev.",
      volume         = "D83",
      year           = "2011",
      pages          = "034019",
      doi            = "10.1103/PhysRevD.83.034019",
      eprint         = "1012.5132",
      archivePrefix  = "arXiv",
      primaryClass   = "hep-ph",
      SLACcitation   = "%%CITATION = ARXIV:1012.5132;%%"
}

@article{Campbell:2009ss,
      author         = "Campbell, John M. and Frederix, Rikkert and Maltoni,
                        Fabio and Tramontano, Francesco",
      title          = "{Next-to-Leading-Order Predictions for t-Channel
                        Single-Top Production at Hadron Colliders}",
      journal        = "Phys. Rev. Lett.",
      volume         = "102",
      year           = "2009",
      pages          = "182003",
      doi            = "10.1103/PhysRevLett.102.182003",
      eprint         = "0903.0005",
      archivePrefix  = "arXiv",
      primaryClass   = "hep-ph",
      SLACcitation   = "%%CITATION = ARXIV:0903.0005;%%"
}

@article{Mahlon:1996pn,
      author         = "Mahlon, Gregory and Parke, Stephen J.",
      title          = "{Improved spin basis for angular correlation studies in
                        single top quark production at the Tevatron}",
      journal        = "Phys. Rev.",
      volume         = "D55",
      year           = "1997",
      pages          = "7249-7254",
      doi            = "10.1103/PhysRevD.55.7249",
      eprint         = "hep-ph/9611367",
      archivePrefix  = "arXiv",
      reportNumber   = "FERMILAB-PUB-96-417-T, UM-TH-96-17",
      SLACcitation   = "%%CITATION = HEP-PH/9611367;%%"
}

%@article{doi:10.1143/PTP.49.652,
%author = {Kobayashi, Makoto and Maskawa, Toshihide},
%title = {CP-Violation in the Renormalizable Theory of Weak Interaction},
%journal = {Progress of Theoretical Physics},
%volume = {49},
%number = {2},
%pages = {652-657},
%year = {1973},
%doi = {10.1143/PTP.49.652},
%URL = { + http://dx.doi.org/10.1143/PTP.49.652},
%eprint = {/oup/backfile/content_public/journal/ptp/49/2/10.1143/ptp.49.652/2/49-2-652.pdf}
%}


@article{Brandenburg:2002xr,
      author         = "Brandenburg, Arnd and Si, Z. G. and Uwer, P.",
      title          = "{QCD corrected spin analyzing power of jets in decays of
                        polarized top quarks}",
      journal        = "Phys. Lett.",
      volume         = "B539",
      year           = "2002",
      pages          = "235-241",
      doi            = "10.1016/S0370-2693(02)02098-1",
      eprint         = "hep-ph/0205023",
      archivePrefix  = "arXiv",
      reportNumber   = "PITHA-02-07, DESY-02-055, TTP02-04",
      SLACcitation   = "%%CITATION = HEP-PH/0205023;%%"
}

@inproceedings{Myers:1991ym,
      author         = "Myers, Stephen",
      title          = "{The LEP collider, from design to approval and
                        commissioning}",
      url            = "http://doc.cern.ch/cernrep/1991/91-08/91-08.html",
      doi            = "10.5170/CERN-1991-008",
      year           = "1991",
      number         = "CERN-91-08, CERN-YELLOW-91-08",
      SLACcitation   = "%%CITATION = CERN-91-08;%%"
}

@article{Aguilar-Saavedra:2015yza,
      author         = "Aguilar-Saavedra, J. A. and Bernabeu, J.",
      title          = "{Breaking down the entire W boson spin observables from
                        its decay}",
      journal        = "Phys. Rev.",
      volume         = "D93",
      year           = "2016",
      pages          = "011301",
      doi            = "10.1103/PhysRevD.93.011301",
      eprint         = "1508.04592",
      archivePrefix  = "arXiv",
      primaryClass   = "hep-ph",
      SLACcitation   = "%%CITATION = ARXIV:1508.04592;%%"
}

@article{Czarnecki:2010gb,
      author         = "Czarnecki, Andrzej and Korner, Jurgen G. and Piclum, Jan H.",
      title          = "{Helicity fractions of W bosons from top quark decays at
                        NNLO in QCD}",
      journal        = "Phys. Rev.",
      volume         = "D81",
      year           = "2010",
      pages          = "111503",
      doi            = "10.1103/PhysRevD.81.111503",
      eprint         = "1005.2625",
      archivePrefix  = "arXiv",
      primaryClass   = "hep-ph",
      reportNumber   = "ALBERTA-THY-05-10, CERN-PH-TH-2010-098, MZ-TH-10-13",
      SLACcitation   = "%%CITATION = ARXIV:1005.2625;%%"
}

@article{Olive:2016xmw,
      title          = "{Review of Particle Physics}",
      collaboration  = "Particle Data Group",
      journal        = "Chin. Phys.",
      volume         = "C40",
      year           = "2016",
      pages          = "100001",
      doi            = "10.1088/1674-1137/40/10/100001",
      SLACcitation   = "%%CITATION = CHPHD,C40,100001;%%"
}

@inproceedings{Hoecker:2016vvy,
      author         = "Hoecker, Andreas",
      title          = "{Physics at the LHC Run-2 and Beyond}",
      booktitle      = "{2016 European School of High-Energy Physics (ESHEP 2016)
                        Skeikampen, Norway, June 15-28, 2016}",
      url            = "https://inspirehep.net/record/1499881/files/arXiv:1611.07864.pdf",
      year           = "2016",
      eprint         = "1611.07864",
      archivePrefix  = "arXiv",
      primaryClass   = "hep-ex",
      SLACcitation   = "%%CITATION = ARXIV:1611.07864;%%"
}


@techreport{bruce2016lhc,
      author        = "Bruce, Roderik and Arduini, Gianluigi and Bartosik, Hannes
                       and De Maria, Riccardo and Giovannozzi, Massimo and
                       Iadarola, Giovanni and Jowett, John and Li, Kevin Shing
                       Bruce and Lamont, Mike and Lechner, Anton and Metral, Elias
                       and Mirarchi, Daniele and Pieloni, Tatiana and Redaelli,
                       Stefano and Rumolo, Giovanni and Salvant, Benoit and Tomas
                       Garcia, Rogelio and Wenninger, Jorg",
      title         = "{LHC Run 2: Results and Challenges}",
      year           = "2016",
      reportNumber  = "CERN-ACC-2016-0103",
      url           = "https://cds.cern.ch/record/2201447",
}

@book{oerter2006theory,
  title={The theory of almost everything: The standard model, the unsung triumph of modern physics},
  author={Oerter, Robert},
  year={2006},
  publisher={Penguin}
}

@phdthesis{MorenoLlacer:2014tca,
      author         = "Moreno Llácer, María",
      title          = "{Search for CP violation in single top quark events with
                        the ATLAS detector at LHC}",
      school         = "University of Valencia, IFIC",
      year           = "2014",
      url            = "https://inspirehep.net/record/1339903/files/CERN-THESIS-2014-070.pdf",
      reportNumber   = "CERN-THESIS-2014-070",
      number   = "CERN-THESIS-2014-070",
      SLACcitation   = "%%CITATION = CERN-THESIS-2014-070;%%"
}

@article{Christenson:1964fg,
      author         = "Christenson, J. H. and Cronin, J. W. and Fitch, V. L. and
                        Turlay, R.",
      title          = "{Evidence for the $2\pi$ Decay of the $K_2^0$ Meson}",
      journal        = "Phys. Rev. Lett.",
      volume         = "13",
      year           = "1964",
      pages          = "138-140",
      doi            = "10.1103/PhysRevLett.13.138",
      SLACcitation   = "%%CITATION = PRLTA,13,138;%%"
}

@article{Aad:2010ah,
      title          = "{The ATLAS Simulation Infrastructure}",
      collaboration  = "ATLAS",
      journal        = "Eur. Phys. J.",
      volume         = "C70",
      year           = "2010",
      pages          = "823-874",
      doi            = "10.1140/epjc/s10052-010-1429-9",
      eprint         = "1005.4568",
      archivePrefix  = "arXiv",
      primaryClass   = "physics.ins-det",
      SLACcitation   = "%%CITATION = ARXIV:1005.4568;%%"
}
@article{Agostinelli:2002hh,
      title          = "{GEANT4: A Simulation toolkit}",
      collaboration  = "GEANT4",
      journal        = "Nucl. Instrum. Meth.",
      volume         = "A506",
      year           = "2003",
      pages          = "250-303",
      doi            = "10.1016/S0168-9002(03)01368-8",
      reportNumber   = "SLAC-PUB-9350, FERMILAB-PUB-03-339",
      SLACcitation   = "%%CITATION = NUIMA,A506,250;%%"
}



@article{Kidonakis:2011wy,
      author         = "Kidonakis, Nikolaos",
      title          = "{Next-to-next-to-leading-order collinear and soft gluon
                        corrections for t-channel single top quark production}",
      journal        = "Phys. Rev.",
      volume         = "D83",
      year           = "2011",
      pages          = "091503",
      doi            = "10.1103/PhysRevD.83.091503",
      eprint         = "1103.2792",
      archivePrefix  = "arXiv",
      primaryClass   = "hep-ph",
      SLACcitation   = "%%CITATION = ARXIV:1103.2792;%%"
}


@article{decamp1989determination,
      title          = "{Determination of the number of light neutrino species}",
      collaboration  = "ALEPH",
      journal        = "Phys. Lett.",
      volume         = "B231",
      year           = "1989",
      pages          = "519-529",
      doi            = "10.1016/0370-2693(89)90704-1",
      reportNumber   = "CERN EP 89-132",
      SLACcitation   = "%%CITATION = PHLTA,B231,519;%%"
}

@article{hasert1974observation,
      title          = "{Observation of Neutrino Like Interactions Without Muon
                        Or Electron in the Gargamelle Neutrino Experiment}",
      booktitle      = "{In *Cahn, R.N., Goldhaber, G.: The experimental
                        foundations of particle physics* 394-396, In *Winter, K.
                        (ed.): Neutrino physics* 110-114, In *Winter, K. (ed.):
                        Neutrino physics, 2nd ed.* 100-103, In *Lichtenberg, D.B.
                        (ed.), Rosen, S.P. (ed.): Developments In The Quark Theory
                        Of Hadrons, Vol. 1*, 201-203, In *Cline, D.B. (ed.): Weak
                        neutral currents* 5.15-5.17}",
      collaboration  = "Gargamelle Neutrino",
      journal        = "Phys. Lett.",
      volume         = "46B",
      year           = "1973",
      pages          = "138-140",
      doi            = "10.1016/0370-2693(73)90499-1",
      SLACcitation   = "%%CITATION = PHLTA,46B,138;%%"
}


@article{Watkins:1986va,
      author         = "Watkins, P. M.",
      title          = "{Discovery of the W and Z bosons}",
      journal        = "Contemp. Phys.",
      volume         = "27",
      year           = "1986",
      pages          = "291-324",
      doi            = "10.1080/00107518608211015",
      SLACcitation   = "%%CITATION = CTPHA,27,291;%%"
}


@article{Kobayashi:1973fv,
      author         = "Kobayashi, Makoto and Maskawa, Toshihide",
      title          = "{CP Violation in the Renormalizable Theory of Weak
                        Interaction}",
      journal        = "Prog. Theor. Phys.",
      volume         = "49",
      year           = "1973",
      pages          = "652-657",
      doi            = "10.1143/PTP.49.652",
      reportNumber   = "KUNS-242",
      SLACcitation   = "%%CITATION = PTPKA,49,652;%%"
}


@article{Aad:2014fxa,
      title          = "{Electron reconstruction and identification efficiency
                        measurements with the ATLAS detector using the 2011 LHC
                        proton-proton collision data}",
      collaboration  = "ATLAS",
      journal        = "Eur. Phys. J.",
      volume         = "C74",
      year           = "2014",
      pages          = "2941",
      doi            = "10.1140/epjc/s10052-014-2941-0",
      eprint         = "1404.2240",
      archivePrefix  = "arXiv",
      primaryClass   = "hep-ex",
      reportNumber   = "CERN-PH-EP-2014-040",
      SLACcitation   = "%%CITATION = ARXIV:1404.2240;%%"
}

@techreport{ATLAS:2014wga,
      title          = "{Electron efficiency measurements with the ATLAS detector
                        using the 2012 LHC proton-proton collision data}",
      collaboration  = "ATLAS",
      year           = "2014",
      reportNumber   = "ATLAS-CONF-2014-032",
      url           = "https://cds.cern.ch/record/1706245",
      SLACcitation   = "%%CITATION = ATLAS-CONF-2014-032;%%"
}

@article{Cacciari:2008gp,
      author         = "Cacciari, Matteo and Salam, Gavin P. and Soyez, Gregory",
      title          = "{The Anti-k(t) jet clustering algorithm}",
      journal        = "JHEP",
      volume         = "04",
      year           = "2008",
      pages          = "063",
      doi            = "10.1088/1126-6708/2008/04/063",
      eprint         = "0802.1189",
      archivePrefix  = "arXiv",
      primaryClass   = "hep-ph",
      reportNumber   = "LPTHE-07-03",
      SLACcitation   = "%%CITATION = ARXIV:0802.1189;%%"
}

@article{Aaboud:2016pbd,
      title          = "{Measurement of the $t\bar{t}$ production cross-section
                        using $e\mu$ events with b-tagged jets in pp collisions at
                        $\sqrt{s}$=13 TeV with the ATLAS detector}",
      collaboration  = "ATLAS",
      journal        = "Phys. Lett.",
      volume         = "B761",
      year           = "2016",
      pages          = "136-157",
      doi            = "10.1016/j.physletb.2016.08.019",
      eprint         = "1606.02699",
      archivePrefix  = "arXiv",
      primaryClass   = "hep-ex",
      reportNumber   = "CERN-EP-2016-088",
      SLACcitation   = "%%CITATION = ARXIV:1606.02699;%%"
}

@techreport{TheATLAScollaboration:2015soq,
      title          = "{Monte Carlo Calibration and Combination of In-situ
                        Measurements of Jet Energy Scale, Jet Energy Resolution
                        and Jet Mass in ATLAS}",
      collaboration  = "ATLAS",
      year           = "2015",
      reportNumber   = "ATLAS-CONF-2015-037",
      url           = "https://cds.cern.ch/record/2044941",
      SLACcitation   = "%%CITATION = ATLAS-CONF-2015-037;%%"
}

@article{Aad:2015ina,
      title          = "{Performance of pile-up mitigation techniques for jets in
                        $pp$ collisions at $\sqrt{s}=8$  TeV using the ATLAS
                        detector}",
      collaboration  = "ATLAS",
      journal        = "Eur. Phys. J.",
      volume         = "C76",
      year           = "2016",
      pages          = "581",
      doi            = "10.1140/epjc/s10052-016-4395-z",
      eprint         = "1510.03823",
      archivePrefix  = "arXiv",
      primaryClass   = "hep-ex",
      reportNumber   = "CERN-PH-EP-2015-206",
      SLACcitation   = "%%CITATION = ARXIV:1510.03823;%%"
}

@article{Mahlon:1996pn,
      author         = "Mahlon, Gregory and Parke, Stephen J.",
      title          = "{Improved spin basis for angular correlation studies in
                        single top quark production at the Tevatron}",
      journal        = "Phys. Rev.",
      volume         = "D55",
      year           = "1997",
      pages          = "7249-7254",
      doi            = "10.1103/PhysRevD.55.7249",
      eprint         = "hep-ph/9611367",
      archivePrefix  = "arXiv",
      reportNumber   = "FERMILAB-PUB-96-417-T, UM-TH-96-17",
      SLACcitation   = "%%CITATION = HEP-PH/9611367;%%"
}



@article{Canetti:2012zc,
      author         = "Canetti, Laurent and Drewes, Marco and Shaposhnikov,
                        Mikhail",
      title          = "{Matter and Antimatter in the Universe}",
      journal        = "New J. Phys.",
      volume         = "14",
      year           = "2012",
      pages          = "095012",
      doi            = "10.1088/1367-2630/14/9/095012",
      eprint         = "1204.4186",
      archivePrefix  = "arXiv",
      primaryClass   = "hep-ph",
      reportNumber   = "TTK-12-04",
      SLACcitation   = "%%CITATION = ARXIV:1204.4186;%%"
}

@booklet{NobelPrize,
      author         = "Nobelprize.org",
      title          = "{The Nobel Prize in Physics}",
      year           = "2008",
      url            = "https://www.nobelprize.org/nobel_prizes/physics/laureates/2008/"
}

@booklet{Web:Luminosity,
  author = "{ATLAS Collaboration}",
  title = {Luminosity Public Results},
  url = "https://twiki.cern.ch/twiki/bin/view/AtlasPublic/LuminosityPublicResultsRun2",
}

@article{Bigi:1986jk,
      author         = "Bigi, Ikaros I. Y. and Dokshitzer, Yuri L. and Khoze,
                        Valery A. and Kuhn, Johann H. and Zerwas, Peter M.",
      title          = "{Production and Decay Properties of Ultraheavy Quarks}",
      journal        = "Phys. Lett.",
      volume         = "B181",
      year           = "1986",
      pages          = "157-163",
      doi            = "10.1016/0370-2693(86)91275-X",
      reportNumber   = "SLAC-PUB-4021, CERN-TH-4494-86",
      SLACcitation   = "%%CITATION = PHLTA,B181,157;%%"
}


@article{Kidonakis:2011wy,
      author         = "Kidonakis, Nikolaos",
      title          = "{Next-to-next-to-leading-order collinear and soft gluon
                        corrections for t-channel single top quark production}",
      journal        = "Phys. Rev.",
      volume         = "D83",
      year           = "2011",
      pages          = "091503",
      doi            = "10.1103/PhysRevD.83.091503",
      eprint         = "1103.2792",
      archivePrefix  = "arXiv",
      primaryClass   = "hep-ph",
      SLACcitation   = "%%CITATION = ARXIV:1103.2792;%%"
}

@article{Kidonakis:2010ux,
      author         = "Kidonakis, Nikolaos",
      title          = "{Two-loop soft anomalous dimensions for single top quark
                        associated production with a W- or H-}",
      journal        = "Phys. Rev.",
      volume         = "D82",
      year           = "2010",
      pages          = "054018",
      doi            = "10.1103/PhysRevD.82.054018",
      eprint         = "1005.4451",
      archivePrefix  = "arXiv",
      primaryClass   = "hep-ph",
      SLACcitation   = "%%CITATION = ARXIV:1005.4451;%%"
}

@article{Kant:2014oha,
      author         = "Kant, P. and Kind, O. M. and Kintscher, T. and Lohse, T.
                        and Martini, T. and Mölbitz, S. and Rieck, P. and Uwer,
                        P.",
      title          = "{HatHor  for single top-quark production: Updated
                        predictions and uncertainty estimates for single top-quark
                        production in hadronic collisions}",
      journal        = "Comput. Phys. Commun.",
      volume         = "191",
      year           = "2015",
      pages          = "74-89",
      doi            = "10.1016/j.cpc.2015.02.001",
      eprint         = "1406.4403",
      archivePrefix  = "arXiv",
      primaryClass   = "hep-ph",
      reportNumber   = "HU-EP-14-22",
      SLACcitation   = "%%CITATION = ARXIV:1406.4403;%%"
}

@article{Aliev:2010zk,
      author         = "Aliev, M. and Lacker, H. and Langenfeld, U. and Moch, S.
                        and Uwer, P. and Wiedermann, M.",
      title          = "{HATHOR: HAdronic Top and Heavy quarks crOss section
                        calculatoR}",
      journal        = "Comput. Phys. Commun.",
      volume         = "182",
      year           = "2011",
      pages          = "1034-1046",
      doi            = "10.1016/j.cpc.2010.12.040",
      eprint         = "1007.1327",
      archivePrefix  = "arXiv",
      primaryClass   = "hep-ph",
      reportNumber   = "DESY-10-091, HU-EP-10-33, SFB-CPP-10-60",
      SLACcitation   = "%%CITATION = ARXIV:1007.1327;%%"
}

@article{Kidonakis:2010tc,
      author         = "Kidonakis, Nikolaos",
      title          = "{NNLL resummation for s-channel single top quark
                        production}",
      journal        = "Phys. Rev.",
      volume         = "D81",
      year           = "2010",
      pages          = "054028",
      doi            = "10.1103/PhysRevD.81.054028",
      eprint         = "1001.5034",
      archivePrefix  = "arXiv",
      primaryClass   = "hep-ph",
      SLACcitation   = "%%CITATION = ARXIV:1001.5034;%%"
}


@article{Aaboud:2017yqf,
      title          = "{Analysis of the $Wtb$ vertex from the measurement of
                        triple-differential angular decay rates of single top
                        quarks produced in the $t$-channel at $\sqrt{s}$ = 8 TeV
                        with the ATLAS detector}",
      collaboration  = "ATLAS",
      year           = "2017",
      eprint         = "1707.05393",
      archivePrefix  = "arXiv",
      primaryClass   = "hep-ex",
      reportNumber   = "CERN-EP-2017-089",
      SLACcitation   = "%%CITATION = ARXIV:1707.05393;%%"
}

@article{Khachatryan:2015dzz,
      title          = "{Measurement of top quark polarisation in t-channel
                        single top quark production}",
      collaboration  = "CMS",
      journal        = "JHEP",
      volume         = "04",
      year           = "2016",
      pages          = "073",
      doi            = "10.1007/JHEP04(2016)073",
      eprint         = "1511.02138",
      archivePrefix  = "arXiv",
      primaryClass   = "hep-ex",
      reportNumber   = "CMS-TOP-13-001, CERN-PH-EP-2015-282",
      SLACcitation   = "%%CITATION = ARXIV:1511.02138;%%"
}

@article{Khachatryan:2016sib,
      title          = "{Search for anomalous Wtb couplings and flavour-changing
                        neutral currents in t-channel single top quark production
                        in pp collisions at $\sqrt{s} =$ 7 and 8 TeV}",
      collaboration  = "CMS",
      journal        = "JHEP",
      volume         = "02",
      year           = "2017",
      pages          = "028",
      doi            = "10.1007/JHEP02(2017)028",
      eprint         = "1610.03545",
      archivePrefix  = "arXiv",
      primaryClass   = "hep-ex",
      reportNumber   = "CMS-TOP-14-007, CERN-EP-2016-207",
      SLACcitation   = "%%CITATION = ARXIV:1610.03545;%%"
}

@inproceedings{Hirschbuehl:2017veq,
      author         = "Hirschbuehl, Dominic",
      title          = "{Single-top quark cross-section measurements in ATLAS}",
      booktitle      = "{Proceedings, 9th International Workshop on Top Quark
                        Physics (TOP 2016): Olomouc, Czech Republic, September
                        19-23, 2016}",
      url            = "https://inspirehep.net/record/1516407/files/arXiv:1703.02360.pdf",
      year           = "2017",
      eprint         = "1703.02360",
      archivePrefix  = "arXiv",
      primaryClass   = "hep-ex",
      reportNumber   = "ATL-PHYS-PROC-2017-014",
      SLACcitation   = "%%CITATION = ARXIV:1703.02360;%%"
}

@article{Aaboud:2016ymp,
      title          = "{Measurement of the inclusive cross-sections of single
                        top-quark and top-antiquark $t$-channel production in $pp$
                        collisions at $\sqrt{s}$ = 13 TeV with the ATLAS
                        detector}",
      collaboration  = "ATLAS",
      journal        = "JHEP",
      volume         = "04",
      year           = "2017",
      pages          = "086",
      doi            = "10.1007/JHEP04(2017)086",
      eprint         = "1609.03920",
      archivePrefix  = "arXiv",
      primaryClass   = "hep-ex",
      reportNumber   = "CERN-EP-2016-197",
      SLACcitation   = "%%CITATION = ARXIV:1609.03920;%%"
}

@article{Abachi:1995iq,
      title          = "{Observation of the top quark}",
      collaboration  = "D0",
      journal        = "Phys. Rev. Lett.",
      volume         = "74",
      year           = "1995",
      pages          = "2632-2637",
      doi            = "10.1103/PhysRevLett.74.2632",
      eprint         = "hep-ex/9503003",
      archivePrefix  = "arXiv",
      primaryClass   = "hep-ex",
      reportNumber   = "FERMILAB-PUB-95-028-E",
      SLACcitation   = "%%CITATION = HEP-EX/9503003;%%"
}

@article{Aaboud:2016hsq,
      title          = "{Measurement of the W boson polarisation in $t\bar{t}$
                        events from pp collisions at $\sqrt{s}$ = 8 TeV in the
                        lepton + jets channel with ATLAS}",
      collaboration  = "ATLAS",
      journal        = "Eur. Phys. J.",
      volume         = "C77",
      year           = "2017",
      pages          = "264",
      doi            = "10.1140/epjc/s10052-017-4819-4",
      eprint         = "1612.02577",
      archivePrefix  = "arXiv",
      primaryClass   = "hep-ex",
      reportNumber   = "CERN-EP-2016-219, CERN-PH-2016-219",
      SLACcitation   = "%%CITATION = ARXIV:1612.02577;%%"
}

@article{5-ref24,
      author={T. Gleisberg and S. Höche and F. Krauss and M. Schönherr and S. Schumann and F. Siegert and J. Winter},
      title={Event generation with SHERPA 1.1},
      journal="JHEP",
      volume         = "02",
      year           = "2009",
      pages          = "007",
      doi            = "10.1088/1126-6708/2009/02/007",
      eprint         = "0811.4622",
      archivePrefix  = "arXiv",
      primaryClass   = "hep-ph",
      reportNumber   = "FERMILAB-PUB-08-477-T, SLAC-PUB-13420, ZU-TH-17-08,
                        DCPT-08-138, IPPP-08-69, EDINBURGH-2008-30, MCNET-08-14",
      SLACcitation   = "%%CITATION = ARXIV:0811.4622;%%"

}

@article{Alioli2010,
author="Alioli, Simone and Nason, Paolo and Oleari, Carlo and Re, Emanuele",
title="A general framework for implementing NLO calculations in shower Monte Carlo programs: the POWHEG BOX",
journal="JHEP",
year="2010",
month="Jun",
day="09",
volume="2010",
pages="43",
issn="1029-8479",
doi="10.1007/JHEP06(2010)043",
%url="https://doi.org/10.1007/JHEP06(2010)043"
}

@article{Sjostrand:2006za,
      author         = "Sjostrand, Torbjorn and Mrenna, Stephen and Skands, Peter
                        Z.",
      title          = "{PYTHIA 6.4 Physics and Manual}",
      journal        = "JHEP",
      volume         = "05",
      year           = "2006",
      pages          = "026",
      doi            = "10.1088/1126-6708/2006/05/026",
      eprint         = "hep-ph/0603175",
      archivePrefix  = "arXiv",
      reportNumber   = "FERMILAB-PUB-06-052-CD-T, LU-TP-06-13",
      SLACcitation   = "%%CITATION = HEP-PH/0603175;%%"
}

@article{Aad:2010ah,
      title          = "{The ATLAS Simulation Infrastructure}",
      collaboration  = "ATLAS",
      journal        = "Eur. Phys. J.",
      volume         = "C70",
      year           = "2010",
      pages          = "823-874",
      doi            = "10.1140/epjc/s10052-010-1429-9",
      eprint         = "1005.4568",
      archivePrefix  = "arXiv",
      primaryClass   = "physics.ins-det",
      SLACcitation   = "%%CITATION = ARXIV:1005.4568;%%"
}


@article{Punzi:2003bu,
      author         = "Punzi, Giovanni",
      title          = "{Sensitivity of searches for new signals and its
                        optimization}",
      booktitle      = "{Statistical problems in particle physics, astrophysics
                        and cosmology. Proceedings, Conference, PHYSTAT 2003,
                        Stanford, USA, September 8-11, 2003}",
      journal        = "eConf",
      volume         = "C030908",
      year           = "2003",
      pages          = "MODT002",
      eprint         = "physics/0308063",
      archivePrefix  = "arXiv",
      reportNumber   = "PHYSTAT-2003-MODT002",
      SLACcitation   = "%%CITATION = PHYSICS/0308063;%%"
}

@techreport{ATLAS-CONF-2014-058,
      title         = "{Estimation of non-prompt and fake lepton backgrounds in
                       final states with top quarks produced in proton-proton
                       collisions at $\sqrt{s}=8$~TeV with the ATLAS detector}",
      collaboration  = "ATLAS",
      number        = "ATLAS-CONF-2014-058",
      year          = "2014",
      reportNumber  = "ATLAS-CONF-2014-058",
      url           = "https://cds.cern.ch/record/1951336",
}

@article{Aad:2014sca,
      title          = "{Performance of the ATLAS muon trigger in pp collisions
                        at $\sqrt{s}=8$ TeV}",
      collaboration  = "ATLAS",
      journal        = "Eur. Phys. J.",
      volume         = "C75",
      year           = "2015",
      pages          = "120",
      doi            = "10.1140/epjc/s10052-015-3325-9",
      eprint         = "1408.3179",
      archivePrefix  = "arXiv",
      primaryClass   = "hep-ex",
      reportNumber   = "CERN-PH-EP-2014-154",
      SLACcitation   = "%%CITATION = ARXIV:1408.3179;%%"
}

@phdthesis{phdthesisSebas,
  author       = {Pedraza-López, S.}, 
  title        = {Measurement of top quark and $W$ boson
polarization observables with $t$-channel single-top-quark events in the
ATLAS experiment},
  school       = {University of Valencia},
  year         = 2017,
}


@article{Aaboud:2017pdi,
      title          = "{Fiducial, total and differential cross-section
                        measurements of $t$-channel single top-quark production in
                        $pp$ collisions at 8 TeV using data collected by the
                        ATLAS detector}",
      collaboration  = "ATLAS",
      journal        = "Eur. Phys. J.",
      volume         = "C77",
      year           = "2017",
      pages          = "531",
      doi            = "10.1140/epjc/s10052-017-5061-9",
      eprint         = "1702.02859",
      archivePrefix  = "arXiv",
      primaryClass   = "hep-ex",
      reportNumber   = "CERN-EP-2016-223",
      SLACcitation   = "%%CITATION = ARXIV:1702.02859;%%"
}

@article{Aad:2014fwa,
      title          = "{Comprehensive measurements of $t$-channel single
                        top-quark production cross sections at $\sqrt{s} = 7$ TeV
                        with the ATLAS detector}",
      collaboration  = "ATLAS",
      journal        = "Phys. Rev.",
      volume         = "D90",
      year           = "2014",
      number         = "11",
      pages          = "112006",
      doi            = "10.1103/PhysRevD.90.112006",
      eprint         = "1406.7844",
      archivePrefix  = "arXiv",
      primaryClass   = "hep-ex",
      reportNumber   = "CERN-PH-EP-2014-133",
      SLACcitation   = "%%CITATION = ARXIV:1406.7844;%%"
}
